<?xml version="1.0" encoding="UTF-8"?><collection xmlns="http://www.loc.gov/MARC21/slim"><record><leader>00534nam--2200181-i-4500</leader><controlfield tag="001">000008103</controlfield><controlfield tag="002">20161230</controlfield><controlfield tag="005">20161230201027</controlfield><controlfield tag="008">060222s1000------------r-----000-0-eng-d</controlfield><datafield ind1=" " ind2=" " tag="040"><subfield code="a">IFIN-HH</subfield></datafield><datafield ind1=" " ind2=" " tag="080"><subfield code="a">518</subfield></datafield><datafield ind1="1" ind2=" " tag="100"><subfield code="a">Avondo-Bodino, Giuseppe</subfield></datafield><datafield ind1="1" ind2="0" tag="245"><subfield code="a">Economic applications of the theory of graphs</subfield><subfield code="c">Giuseppe avondo-bodino</subfield></datafield><datafield ind1=" " ind2=" " tag="260"><subfield code="a">New York</subfield><subfield code="b">Gordon And Breach</subfield><subfield code="c">1962</subfield></datafield><datafield ind1=" " ind2=" " tag="300"><subfield code="a">XI + 111 P</subfield></datafield><datafield ind1=" " ind2=" " tag="490"><subfield code="a">Tracts On Mathematics And Its Applications</subfield><subfield code="v">Volume I</subfield></datafield><datafield ind1=" " ind2=" " tag="852"><subfield code="a">27219</subfield><subfield code="c">519.283</subfield></datafield><datafield ind1=" " ind2=" " tag="CAT"><subfield code="a">Sys</subfield><subfield code="c">20130807</subfield><subfield code="h">134731</subfield></datafield></record></collection>